1787 3167
306 115 576 163 ,......65......

44 256 111 325 quod
121 255 157 324 μή
166 266 222 304 tum>
232 242 334 303 (lenium
348 272 405 303 cum
416 255 549 305 indicativo
566 262 696 324 iungatur,
720 264 739 307 si
756 254 836 308 inter-

42 349 148 415 rogandi
159 352 211 395 vim
221 345 323 405 habeat,
342 356 370 394 nt
382 351 402 393 si
413 345 499 406 (111111,Υ
512 344 548 412 μὴ
564 352 638 399 τοῦτο
656 351 753 412 ἀληθές
768 358 834 414 tora,

41 439 157 488 Eandem
169 441 240 488 eninr
251 438 366 487 voculam
381 442 456 486 'etiam
473 446 536 498 tuni,
558 443 578 486 si
595 457 608 486 e
624 440 706 490 verbis
722 442 834 491 cavendi

40 528 162 596 pendeat,
186 536 254 576 recte
270 545 328 576 cum
344 513 478 578 indicativo
495 533 626 594 coniungi,
647 541 672 579 et
681 531 768 579 Lucae
779 533 796 578 1.
810 550 832 579 c.

41 627 66 667 et
76 618 233 691 Graecorum
244 637 303 668 usus
316 620 495 669 demonstrant.
535 620 635 669 Verum
647 631 697 682 est,
715 623 754 671 his
766 641 830 688 quo-

40 726 89 775 que
97 709 159 757 locis
170 707 206 776 μή
217 715 394 777 interrogative
406 716 484 777 accipi
495 728 568 776 posse
588 711 629 773 (cf.
640 713 790 761 Hanania.
806 723 831 761 et

39 800 192 850 SGHAEFER.
210 801 256 850 loc.
274 801 339 871 cit),
360 803 403 851 sed
415 802 593 851 Farrzscnrrs
612 807 730 851 nonnisi
748 804 778 850 de
790 808 829 849 in-

38 897 206 957 terrogatione
224 893 317 961 directa
332 893 431 943 videtur
453 898 580 958 cogitasse.
623 893 678 942 Irno
694 903 830 959 propterea

37 987 162 1050 θροεῖσθε
181 1000 229 1048 pro
249 984 382 1034 indicativo
402 984 489 1032 haberi
511 988 612 1050 nequit,
639 986 708 1051 quod
730 985 760 1032 ab
778 983 829 1032 hoc

37 1075 140 1138 quidem
155 1075 212 1120 loco
228 1074 269 1119 illa
286 1082 410 1121 structura
427 1062 552 1121 abhorret.
596 1077 687 1141 Neque
709 1080 777 1123 enim
796 1076 828 1122 de

36 1167 162 1228 praesenti
171 1162 252 1228 aliqua
263 1165 451 1227 perturbatione
463 1181 546 1211 sermo
559 1173 608 1226 est,
634 1165 678 1213 sed
688 1165 826 1224 defutura,

36 1271 85 1320 qua
97 1262 266 1318 eo-tenrpore,
276 1256 278 1259 ’
287 1271 337 1320 quo
350 1254 465 1320 Christus
474 1256 636 1320 loquebatur,
662 1272 694 1302 ne
710 1264 827 1320 poterant

37 1345 141 1410 quidem
153 1345 267 1411 discipuli
284 1334 412 1395 concitari,

403 1521 469 1595 17·

147 1650 195 1701 De
212 1650 369 1701 indicativo
387 1658 455 1717 post
475 1650 594 1703 voculas
611 1644 645 1701 οὐ
662 1643 706 1720 μή.

20 1807 22 1811 ·
90 1790 202 1851 Cuneo,
223 1807 297 1856 quem
310 1788 474 1854 praecedente
485 1787 641 1853 paragrapho
653 1792 821 1849 tractavimus,

33 1879 159 1930 indicativi
175 1899 224 1928 usu
240 1880 425 1947 quodammodo
442 1880 483 1927 iile
499 1879 630 1939 cohaeret,
650 1883 692 1947 qui
711 1889 748 1927 est
763 1890 822 1946 post

32 1976 176 2036 negationes
192 1971 222 2022 οὐ
236 1969 278 2039 μή.
309 1971 350 2018 De
366 1970 458 2036 quibus.
466 1970 561 2018 voculis
572 1987 647 2036 quam
658 1968 821 2018 vehementer

31 2072 116 2111 nostra
128 2072 206 2111 aetate
218 2081 233 2111 a
244 2067 303 2113 viris
320 2062 398 2110 doctis
415 2063 570 2128 disputatum
588 2065 631 2121 sit,
656 2077 732 2108 nemo
747 2065 821 2126 igno-

32 2163 78 2202 rat.
117 2153 158 2202 Ao
173 2158 265 2219 primo,
286 2170 362 2221 quam
372 2152 522 2216 Datvnsrus
544 2152 630 2219 (miso.
650 2155 704 2201 crit.
719 2170 744 2217 p.
759 2167 772 2205 2
778 2166 822 2205 21.

31 2249 84 2313 sq.)
104 2250 271 2310 proposuerat
291 2248 453 2305 sententiani,
478 2244 508 2295 οὐ
524 2242 560 2310 μή
580 2247 634 2304 non
656 2248 725 2307 iungi
746 2232 821 2310 posse

32 2340 189 2385 coniunctivo
201 2339 287 2383 aoristi
297 2335 315 2383 I.
327 2345 372 2384 act.
387 2345 412 2382 ct
424 2335 503 2395 nied,
518 2353 562 2395 ea,
581 2353 659 2400 qutun
672 2334 757 2382 multis
775 2352 821 2382 an-
857 2384 859 2388 ,

31 2437 70 2476 tea
84 2426 189 2492 probata
201 2435 274 2485 esset,
297 2409 365 2487 nunc
375 2427 478 2473 tandem
487 2430 586 2489 penitus
603 2427 701 2473 videtur
716 2427 820 2491 explosa

31 2519 91 2568 esse.
133 2518 172 2568 Cf.
182 2517 340 2565 HEINDORF.
357 2516 389 2564 ad
398 2517 459 2565 Plat.
472 2516 565 2563 Phaed.
582 2533 607 2580 p.
623 2527 665 2567 ta.
704 2513 771 2563 Asr.
788 2516 820 2562 ad

29 2612 92 2660 Plat
111 2610 141 2658 de
164 2608 294 2673 Republic.
306 2607 346 2668 X,
370 2620 393 2660 9.
411 2625 434 2673 p.
453 2620 515 2660 622.
558 2606 663 2655 Rursre.
684 2616 821 2655 comment.

31 2706 84 2759 orit.
100 2706 128 2749 in
142 2699 207 2749 Oed:
219 2699 272 2747 Col.
291 2717 317 2764 p.
330 2712 394 2752 251.
433 2700 560 2747 Ennsnnr.
572 2697 603 2744 ad
617 2697 682 2748 Oed.
696 2697 818 2762 Col.177

30 2789 180 2847 HERMANN.
193 2791 224 2839 ad
235 2789 312 2855 Soph.
323 2788 438 2843 111557.
454 2789 560 2837 Phiioct..
575 2800 637 2842 381.
677 2789 820 2856 Eidemque

30 2889 120 2932 canoni
144 2887 218 2932 etiarn
242 2900 371 2931 sacrorum
394 2885 551 2946 scriptortnn¹
570 2899 644 2929 usum
669 2875 820 2947 repugnare,

31 2977 153 3042 exemplis
165 2977 344 3025 demonstravit
354 2974 459 3022 11111111,
472 2976 499 3021 111
510 2973 569 3022 clav.
583 2990 607 3037 p.
620 2984 682 3028 568.
721 2971 822 3043 11121111-

562 3064 584 3112 E
