1787 3167
245 657 485 735 Laetori
532 658 568 733 S

14 888 110 1014 Quae
127 941 212 981 nostra
230 941 308 980 aetate
324 949 382 979 cum
402 930 553 996 philologiae
571 930 704 998 profanae,
726 947 802 996 quam

1 1025 115 1083 uocant,
137 1028 279 1080 iniiversae,
300 1031 355 1069 tum
373 1027 466 1084 graecis
485 1028 596 1072 maxime
614 1024 692 1071 literis
710 1022 803 1069 affulsit

13 1114 71 1171 lux,
89 1116 155 1158 'eam
176 1116 252 1159 etiam
266 1120 316 1174 per
331 1126 413 1156 sacrae
428 1111 577 1175 philologiae
596 1129 696 1176 campos
717 1112 801 1159 radios

13 1205 130 1266 sparsisse
155 1209 179 1247 et
200 1200 232 1247 acl
253 1199 323 1246 Nori
343 1202 458 1262 inprimis
482 1200 639 1248 Testamenti
661 1206 801 1249 orationem

13 1296 115 1356 eiusque
133 1291 244 1338 indolem
262 1288 415 1353 singularem
425 1288 523 1336 felicius
532 1290 698 1354 indagandam
709 1308 802 1340 notam

13 1391 155 1447 certamque
168 1383 293 1445 aperuisse
306 1383 385 1438 viam,
405 1396 505 1439 ornnes,
523 1384 566 1445 qni
577 1380 701 1428 librorum
718 1398 803 1428 sacro-

11 1490 70 1520 rum
81 1473 279 1536 interpretationi
289 1485 348 1516 rere
361 1470 504 1517 consultum
517 1475 634 1534 cupiunt,
651 1470 748 1517 dudum
759 1488 803 1534 ga-

11 1566 58 1612 visi
74 1570 139 1608 srmt.
183 1561 213 1607 In
235 1576 282 1624 qna
299 1575 327 1605 re
346 1576 421 1606 nemo
440 1562 534 1618 nescit,
559 1568 677 1624 quantam
701 1559 803 1608 landem

9 1646 199 1719 promeruerint
221 1652 269 1697 viri
286 1650 502 1712 praestantissimi,
528 1648 619 1695 Hertz.
637 1649 802 1708 PLANCKIUS,

8 1723 163 1799 Wiunnus,
184 1739 339 1796 Wannrus,
360 1734 537 1784 Furrzscrnns
555 1738 652 1803 aliique.
693 1737 742 1784 Sed
758 1744 804 1787 vix

10 1831 75 1878 ultra
95 1833 177 1894 prima
193 1829 447 1891 lineamentarecens
465 1827 565 1874 condita
580 1827 710 1891 disciplina
726 1826 803 1876 hodie

10 1936 142 1985 progressa
162 1927 213 1979 est,
237 1934 285 1965 nec
308 1918 357 1963 nisi
374 1915 491 1963 diuturna
516 1926 541 1963 et
564 1922 638 1965 enim
660 1918 803 1965 multorum

11 2027 88 2075 opera
97 2026 127 2056 eo
138 2008 241 2056 tandem
254 2009 347 2071 poterit
358 2005 454 2065 adduci,
471 2015 500 2054 ut
509 2010 565 2055 iure
577 2008 672 2055 dicatur
685 2007 802 2056 omnibus

9 2103 121 2148 numeris
143 2098 261 2145 absoluta.
307 2097 376 2143 Nam
394 2100 437 2160 qui
462 2096 493 2143 ad
507 2106 624 2143 naturam
642 2105 667 2143 et
689 2097 802 2145 indolem

11 2193 129 2238 orationis
148 2189 182 2235 N.
200 2187 230 2238 T.
250 2194 363 2233 accurate
382 2194 406 2232 et
420 2202 466 2249 per
486 2186 594 2251 singulas
612 2196 696 2252 partes
707 2205 803 2253 cogno·
819 2220 821 2230 ι

10 2280 128 2328 scandam
145 2282 259 2325 animum
277 2277 433 2342 applicuerit,
465 2276 524 2323 licet
544 2275 594 2324 hoc
616 2276 706 2326 habeat
731 2297 803 2326 com-

9 2370 90 2428 modi,
120 2367 188 2432 qnod
211 2366 351 2426 librorum,
381 2366 470 2430 quibus
488 2370 534 2413 ista
551 2371 630 2414 oratio
650 2371 800 2427 continetur,

8 2459 77 2507 haud
93 2462 127 2504 ita
146 2472 237 2519 magna
253 2464 289 2502 est
307 2455 455 2515 multitudo,
478 2465 577 2515 tamen,
604 2473 682 2520 quum
701 2474 755 2506 non
767 2476 800 2506 ex

9 2550 60 2597 sola
73 2547 250 2613 exemplorum
261 2545 295 2591 N.
307 2545 338 2593 T.
359 2549 553 2610 comparatione,
570 2562 659 2593 rerum
674 2551 750 2596 etiam
767 2566 801 2597 ex

9 2639 114 2686 aliarum
134 2634 299 2703 (prarumdam
314 2650 402 2703 rerum
407 2673 414 2695 ,
433 2650 568 2699 earumque
581 2645 695 2700 exparte
707 2656 800 2704 parum

9 2728 90 2777 adhue
107 2731 264 2791 cognitarum
278 2728 379 2772 scientia
391 2726 499 2790 pendeat
510 2725 540 2772 de
552 2729 703 2790 scriptorum
715 2747 800 2778 sacro-

8 2837 67 2867 rum
78 2836 126 2867 usn
136 2817 271 2877 iudicium,
286 2825 339 2864 tam
350 2816 459 2882 amplam
470 2825 572 2882 tamque
588 2816 714 2869 difficilem
724 2840 800 2888 repe-

9 2914 57 2956 riet
69 2909 208 2957 sciscitandi
224 2912 369 2967 materiem,
386 2917 414 2955 ut
425 2925 527 2956 ormrem
540 2907 570 2955 de
584 2907 622 2956 his
634 2910 710 2958 rebus
723 2929 800 2977 quae«

9 3002 116 3049 stionem
128 2999 264 3058 suissolins
277 2999 371 3049 viribus
383 2999 414 3047 ad
425 2998 502 3047 finem
512 3000 662 3064 perductum
674 3005 714 3065 iri,
731 3001 799 3049 haud

537 3088 564 3137 A
