1787 3167
38 294 40 296 .
77 244 301 309 cidcinctttov'drioco
319 242 347 295 τὸ
365 246 506 313 εὐαγγέλιον
520 247 566 296 τοῦ
583 249 695 314 Χριστοῦ
702 248 733 318 ²²).
772 249 866 315 Ephes.

79 369 236 380 ...ιι-,-

127 432 146 482 'l
157 433 229 473 Waaa.
244 436 293 477 clav,
307 449 326 485 p.
336 434 381 477 405.
395 437 448 474 bunc
462 437 530 474 locum
543 435 570 471 ita
585 434 683 483 accepisse
699 435 786 483 videtur,
809 438 866 486 quasi

77 506 108 543 tra
121 506 146 542 ad
159 509 296 555 praecedentia
316 511 375 547 verba
395 514 507 561 οἰκονομίαν
526 509 655 560 cantoranum
677 511 804 547 referendum
824 512 865 558 sit:

78 579 132 627 quod
153 583 254 630 quomodo
273 585 315 621 steri
335 587 407 634 possit,
430 586 526 635 equidem
543 597 584 621 non
605 585 701 633 intelligo,
732 585 866 621 Referendum

75 656 140 703 potius
156 666 185 693 cst
198 658 224 695 ad
236 658 294 696 verba
307 660 338 703 τίς
351 655 384 698 οὖν
396 676 431 712 μοι
444 656 496 699 ἐστὶι
511 657 621 710 butades,-
643 667 670 704 ut,
688 660 705 695 si
721 660 801 696 Wahlio
818 658 867 707 (qui

76 728 105 764 sie
119 742 198 779 quoquc
211 733 270 769 verba
281 735 378 782 coniungi
390 748 456 783 posse,
470 736 513 785 ipse
525 734 634 783 intellexit)
652 733 714 769 fidem
727 733 810 779 habeas,
830 745 867 769 ex-

75 804 192 851 plicandum
210 809 236 845 sit
252 821 288 857 per
306 806 342 845 ὅτι.
367 808 448 848 Scilicet
466 810 581 860 saepissime
599 810 620 844 in
638 807 663 847 N.
680 808 703 847 T.
723 808 749 843 ita
764 807 868 844 adhibetur

75 881 144 920 vocula
158 871 196 930 ibo,
209 893 231 920 ιιι
243 884 346 932 propriam
358 897 414 920 suam
428 886 594 933 significationem
608 896 678 919 exuere
691 893 711 920 et
723 882 749 918 ad
760 895 820 918 usum
831 895 868 917 vo-

77 953 104 989 cis
118 951 150 993 ὅτι
162 958 244 1006 propius
258 958 351 994 accedere
365 959 459 1010 rideatur.
485 959 537 996 Nam
555 972 596 995 nou
612 959 678 994 solum
696 964 741 1007 post
758 955 818 993 verba
835 955 868 991 iu-

76 1026 140 1065 bendi
151 1039 171 1066 et
183 1032 281 1081 cupiendi
295 1031 329 1079 (ef¹
340 1033 452 1071 Hennaea.
467 1033 492 1068 ad
503 1033 549 1079 vig.
563 1046 582 1081 p.
592 1032 648 1078 852,
668 1033 782 1071 scateam.
797 1031 867 1071 metet,

78 1102 120 1140 crit.
133 1114 153 1149 p.
167 1107 220 1156 121.)
235 1107 376 1154 frequentatur,
390 1116 411 1143 ut
423 1104 492 1143 arant.
503 1104 537 1150 IV,
552 1105 571 1142 5.
589 1101 636 1150 Vll,
653 1118 682 1145 12.
696 1105 746 1150 ΧΠ,
762 1105 791 1145 16.
812 1104 867 1148 XIV,

77 1174 110 1213 55.
123 1175 175 1224 XVI,
189 1191 222 1218 20.
242 1181 313 1226 XVIII,
330 1179 359 1220 14.
373 1189 423 1226 etc.,
440 1191 509 1216 verum
525 1179 586 1215 etiam
600 1188 645 1229 post
657 1180 695 1216 alia
709 1180 804 1227 plurima,
823 1180 869 1215 vel<

77 1251 107 1284 uti
123 1240 174 1299 post
186 1256 288 1305 συμφέρει,
309 1254 378 1292 Matth.
391 1254 416 1300 V,
427 1266 459 1303 21),-
474 1254 505 1291 50.
516 1253 600 1300 XVIII,
613 1253 632 1292 6,
647 1251 713 1295 ἱκανός
726 1256 772 1304 εἰμι,
797 1243 868 1293 blatth.

77 1319 131 1370 VIII,
144 1325 162 1363 8.
182 1327 231 1368 Luc.
243 1329 290 1377 VH,
304 1334 322 1372 6.
337 1330 456 1380 γέγραπται,
475 1328 536 1367 Marc.
551 1327 589 1375 IX,
604 1340 632 1367 ιι.
646 1330 711 1380 χρείων
723 1329 768 1376 ἔχω,
790 1328 868 1376 ΙσΙι.Π,

77 1398 108 1437 25.
130 1411 176 1449 post
195 1405 318 1452 pronomina.
334 1403 497 1451 demonstrativa,
518 1404 567 1441 Luc.
579 1403 599 1449 I,
612 1401 644 1442 43.
673 1395 815 1455 Ioh.V[‚v2q.
831 1413 868 1443 etc.

77 1472 119 1510 Nec
132 1482 198 1513 tamen
210 1490 300 1531 unquam
313 1491 359 1514 cum
373 1478 403 1517 ὅτι
416 1488 490 1514 temere
503 1485 631 1527 permutatur,
645 1477 681 1513 sed
691 1478 717 1514 ita
727 1478 801 1526 ubique
810 1491 870 1514 usur-1

77 1557 143 1596 patur,
156 1558 178 1586 ιιι
189 1552 293 1598 referatur,
311 1552 391 1593 nonad
406 1550 434 1597 id,
448 1551 502 1598 quod
515 1548 590 1586 factum
604 1561 638 1598 est,
653 1553 685 1588 vel
697 1553 728 1598 fit,
748 1553 784 1589 scd
799 1552 825 1598 ad
839 1552 868 1598 id,

78 1623 133 1668 quod
145 1624 241 1671 cogitatur
253 1626 375 1665 faciendum.
402 1627 427 1662 lu
441 1625 560 1661 contrariam
573 1634 639 1660 autem
651 1635 728 1674 partem
741 1639 822 1674 peecare
836 1627 870 1663 vi-

80 1695 151 1746 detur,
170 1701 203 1747 qui
220 1699 252 1738 tta
268 1700 342 1749 ubique
357 1714 381 1738 eo
390 1699 450 1749 flue,
470 1707 494 1737 ιιιι
507 1698 618 1747 significare
634 1699 745 1745 contendit,
760 1701 869 1741 Futrzscu.

79 1771 100 1807 in
112 1785 194 1810 excursu
206 1775 221 1814 Ι,
236 1774 262 1810 ad
274 1775 342 1812 Marah.
355 1789 375 1824 p.
386 1774 431 1813 856.
443 1787 473 1821 sq.
499 1774 540 1811 Sed
553 1775 590 1810 erit
602 1774 690 1821 fortasse,
704 1775 738 1822 qui
747 1783 814 1810 nostro
824 1775 870 1810 loco

78 1856 159 1896 propter
171 1847 192 1884 id
204 1849 281 1897 ipsum,
297 1849 351 1898 quod
365 1848 398 1887 ἵνα
410 1863 446 1898 pro
461 1845 493 1886 ὅτι
505 1849 595 1899 positum
608 1849 706 1897 videatur,
722 1848 782 1884 etiam
794 1849 871 1896 requiri

80 1921 133 1975 dicat
142 1922 277 1960 indicativum.
304 1924 370 1972 Quem
383 1924 442 1959 facile
458 1924 473 1960 ii
488 1924 528 1960 loci
540 1919 659 1969 resutabtint,
674 1924 784 1972 inquibus,
798 1936 869 1971 quam-

79 1997 108 2032 vis
120 1996 266 2034 eodemmodo
282 1998 313 2036 tle
327 2008 442 2047 usurpatum
451 1998 482 2045 sit,
495 2008 562 2035 tamen
573 1999 708 2035 coniunctivae
720 1998 823 2034 adiunctus
835 2007 869 2037 est.

80 2073 173 2110 Ceterum
183 2086 254 2124 parum
264 2074 315 2109 lueis
326 2087 337 2109 a
347 2073 489 2110 recentioribus
499 2073 639 2122 interpretibus
651 2082 719 2110 nostro
731 2073 777 2109 loco
788 2072 871 2121 adsper-

79 2160 125 2184 sum
143 2157 182 2194 est,
202 2161 261 2197 quare
280 2148 305 2185 de
323 2149 365 2198 ipso
380 2149 487 2185 verborum
502 2162 561 2185 sensu
574 2149 641 2199 paucis
653 2147 687 2184 hic
697 2148 757 2184 liceat
767 2159 871 2196 exponere.

79 2221 289 2272 Dixerat-Apostolus,
305 2223 325 2260 iu
337 2236 360 2259 eo
373 2236 429 2259 suam
441 2213 526 2271 positam
539 2237 581 2274 esse
592 2223 689 2272 gloriam,
705 2221 769 2270 quod,
784 2234 830 2257 cum
838 2221 871 2257 la·-

79 2297 152 2348 borum
164 2310 247 2333 suorum
257 2297 373 2333 mercedem
383 2310 464 2348 poscere
476 2299 554 2341 liceret,
569 2297 641 2334 ‘tamen
657 2297 681 2334 (le
696 2298 738 2333 iure
749 2311 785 2334 suo
798 2310 872 2334 conce-

81 2372 140 2419 dens,
160 2372 220 2420 gratis
235 2372 360 2419 evangelium
377 2372 457 2408 doceret
468 2385 490 2409 ac
501 2385 526 2408 ne
541 2372 577 2422 illa
591 2372 683 2420 quidem,
704 2385 753 2419 quac
770 2372 872 2410 advitam

80 2446 229 2492 sustentandam
248 2447 359 2481 necessaria
379 2455 454 2491 essent,
479 2460 490 2482 a
504 2445 662 2483 Christianorum
682 2455 758 2495 peteret
776 2447 873 2488 coetibus,

81 2521 142 2571 Quod
159 2531 180 2559 ut
195 2521 297 2572 probaret,
316 2520 364 2556 baec
380 2521 453 2558 adiecit
468 2521 537 2557 verba:
555 2517 638 2572 {tivpdp
653 2515 814 2572 εὐαγγελίζωμαι,
837 2519 873 2559 otia

81 2599 122 2636 ἔστι
137 2613 173 2649 μοι
190 2597 290 2648 καύχημα·
311 2593 385 2645 ἀνάγκη
403 2593 438 2646 γάρ
456 2610 492 2645 μοι
508 2595 606 2634 latueram.
638 2592 690 2633 Οὐαὶ
707 2592 744 2646 γάρ
761 2610 797 2646 μοι
815 2596 877 2645 ἐστὶν,

81 2671 114 2712 ἰὰν
133 2671 159 2725 μὴ
177 2672 335 2724 ιῦσγγελίζωλιιαι.
362 2671 388 2707 Εἰ
401 2666 438 2721 γὰρ
454 2666 501 2706 ἑκὼν
514 2670 573 2707 τοῦτο
587 2667 679 2721 πράσσοι,
698 2667 775 2720 μισθὸν
790 2673 837 2719 ἔχω’
859 2674 876 2709 ai

83 2750 103 2787 la
117 2747 177 2795 cincta,
193 2749 305 2798 οἰκονομίαν
323 2748 458 2796 πεπίστευμαι.
486 2747 520 2787 Τίς
534 2740 567 2782 οὖν
584 2748 619 2796 μοι
636 2746 687 2782 ἐστὶν
706 2743 716 2783 ὃ
733 2745 819 2796 μισθός
843 2747 875 2784 ἵνα

82 2823 249 2875 εὖσγγιλιζσιιινος
262 2806 361 2860 &abactor
372 2819 428 2870 θήσω
443 2817 466 2857 τὸ
482 2819 592 2870 εὐαγγέλιον
603 2819 639 2874 τοῦ
653 2820 749 2871 Χριστοῦ.
774 2822 809 2858 Sic
821 2822 876 2856 enim

82 2903 141 2949 vulgo
157 2901 305 2949 interpuugunt.
332 2899 356 2936 Iu
374 2896 405 2933 his
423 2895 542 2932 vocabuhun
560 2892 665 2932 ἓκώνἾιοιι
681 2897 708 2932 ita
723 2898 831 2946 explicant,
853 2906 875 2933 ut

84 2984 194 3023 opponatur
208 2974 246 3024 illi,
261 2983 321 3022 qartm
334 2973 410 3010 dixerat
424 2981 496 3019 auctor,
513 2969 635 3020 necessitati,
648 2972 729 3016 sedita,
744 2981 765 3008 ut
777 2984 815 3007 uua
829 2982 876 3007 cum
