1787 3167
427 125 440 150 '.)

287 125 559 174 ...δυ-..-

75 267 202 318 Praesens
209 266 344 327 indicativi,
359 266 473 315 similiter
479 275 507 315 ut
517 272 656 332 praeterita,
668 268 735 335 apud
741 267 825 318 Grae·

26 377 69 408 cos
80 368 136 409 tum
146 362 258 425 sequitur
270 358 386 409 voctrlam
400 357 444 425 μή,
462 374 520 407 cum
528 374 584 407 rem
596 360 691 408 anobis
702 378 750 427 pro
762 378 822 411 vero

25 549 79 587 Haec
95 557 114 585 et
130 560 141 583 a
156 547 213 585 Pauli
230 547 311 596 ingenio
331 557 350 586 et
368 563 379 586 a
397 548 497 598 praesenti
518 546 664 596 disputatione,
690 549 726 586 ubi
747 551 768 588 in
786 564 821 589 sua

26 624 88 674 ipsius
105 622 202 671 dignitate
221 631 239 659 et
262 625 375 661 auctoritate
399 622 555 660 ‹leruonstranda
577 622 635 658 unice
660 634 767 674 occupatus
786 636 821 674 est,

24 700 84 749 plane
103 697 215 749 abhorrent.
241 698 301 748 Quod
311 713 357 737 eum
371 701 492 748 intelligeret
504 699 648 744 Fumnscums,
667 698 749 739 inconi.
762 699 820 749 pfio.

25 773 52 810 ita
66 772 113 809 huic
125 773 175 810 loco
189 774 345 812 succurrendum
358 775 442 825 putavit,
457 784 478 811 nt
490 763 549 824 plena
559 773 717 823 interpunctione
727 785 772 822 post
780 780 823 819 τοῖς

25 848 108 887 δοκοῦσι
120 850 195 900 posita,
213 847 282 901 parione
298 850 372 887 directe
386 850 526 898 interrogantis
542 861 585 886 esse
598 857 702 897 statueret,
721 847 760 885 hoc
777 843 823 886 sen-

25 936 58 961 su:
77 924 155 973 „dorm
161 924 314 977 Hierosolymis
323 927 440 964 doctrinam
449 926 547 965 (lisinam.
576 926 631 961 Num
638 923 727 976 frustra
738 938 823 976 operam

25 1011 92 1035 mecm
110 998 133 1037 in
151 1000 285 1052 evangelium
303 1000 383 1038 insumo
401 1008 440 1037 our
457 999 558 1037 irzsnmsiP
584 1000 618 1037 At
629 1011 656 1035 tte
669 1000 718 1036 Tito
732 1001 822 1050 quidem,

26 1086 71 1110 meo
88 1073 165 1119 consiti,
189 1074 316 1111 circumcisio
330 1074 470 1124 ihiimposito
486 1081 529 1118 est,
553 1074 566 1111 i.
581 1087 598 1114 e.
611 1074 668 1125 quod
681 1074 822 1128 interrogari,

25 1152 84 1184 recte
96 1149 225 1200 pernegari,
241 1135 294 1185 ‘inde
308 1154 366 1185 certo
380 1154 481 1198 apparet,
503 1148 563 1199 qnod·
576 1150 646 1194 Titus,
667 1163 714 1186 urea
728 1152 823 1188 anctori-

25 1230 71 1260 tote
86 1222 188 1268 oronites,
213 1234 256 1260 non
270 1229 360 1275 poterat
376 1222 406 1260 ad
423 1222 600 1260 circumcisionem
619 1224 681 1275 adigi
697 1224 823 1276 Hierosoly-

24 1299 84 1336 mis.“
111 1298 164 1343 Bene
179 1295 205 1334 ad
220 1298 320 1335 rationem
331 1298 494 1347 gramnratican13
516 1297 564 1344 sed,
582 1297 636 1346 quod
651 1297 681 1334 vir
696 1296 835 1351 doctiss-imus¹

25 1373 64 1423 ipsi
76 1372 137 1409 etiam
152 1371 288 1409 cohaerentiae
301 1372 338 1414 hac
357 1374 518 1425 interpretatione
532 1372 583 1409 bene
601 1372 723 1409 cousuluisse
737 1373 777 1409 sibi
790 1375 824 1410 ri-

24 1460 57 1484 sus
74 1456 113 1495 est,
130 1447 151 1484 in
168 1461 191 1484 eo
204 1456 280 1485 tantum
294 1448 360 1495 abest,
377 1457 400 1486 ut
409 1448 448 1497 ipsi
458 1448 563 1494 assentiar,
585 1457 608 1484 ut
622 1449 683 1484 etiarn
697 1449 822 1497 perturbasse

24 1522 76 1559 mihi
89 1522 178 1559 videatur
191 1520 428 1562 sententiarumnexum,
455 1522 537 1559 Etenim
550 1523 567 1558 si
583 1522 657 1558 directe
668 1521 743 1559 Paulus
758 1525 823 1561 inter-

24 1606 111 1646 rogaret,
132 1597 259 1645 interrogatio
276 1597 301 1634 ad
315 1599 368 1648 ipsos
382 1598 465 1634 lectores
479 1598 596 1646 pertineret,
612 1606 634 1633 ut
648 1596 686 1632 lroc
700 1597 822 1644 significaret

24 1671 143 1723 Apostolus,
159 1673 211 1708 velle
224 1685 256 1717 se,
275 1681 296 1709 ut
309 1673 347 1722 ipsi
360 1673 445 1708 lectores
461 1672 486 1708 de
501 1685 535 1709 sua
549 1672 611 1721 ipsius
627 1671 714 1708 docendi
729 1666 830 1710 facultate*

24 1748 154 1794 munerisque
170 1747 200 1783 sui
217 1748 313 1785 fratctibus
326 1747 423 1784 iudicent.
449 1745 520 1783 Athis
536 1747 619 1796 quidem
633 1746 697 1783 verbis
711 1760 751 1783 non
765 1747 787 1783 id
799 1750 821 1784 in

25 1822 141 1858 uniuersum
157 1822 197 1871 agit
210 1821 330 1871 Apostolus,
350 1823 372 1859 ut
388 1822 496 1860 lectoribus
513 1820 537 1857 de
557 1834 579 1857 ea
595 1834 616 1858 re
635 1821 762 1872 persuadeat,
785 1824 827 1860 scel*

25 1896 65 1937 lroc
78 1898 120 1933 vult
133 1896 279 1950 demonstrare,
299 1907 374 1934 ceteros
390 1898 496 1947 Apostolos
511 1897 573 1946 ipsius
588 1898 724 1933 auctoritatem
738 1908 822 1947 aposto-¹

3 2012 5 2015 ,
24 1972 86 2008 licam
102 1985 208 2021 agnoscere
222 1982 299 2010 coactos
314 1973 380 2012 fuisse.
409 1973 461 2010 Cum
473 1972 510 2009 hac
524 1973 620 2010 sententia
634 1972 734 2021 aptissime
747 1973 821 2010 cobae-

24 2058 79 2092 rent,
103 2061 152 2097 quae
167 2048 234 2084 statim
251 2058 359 2097 sequuntur
374 2048 440 2085 verba.
463 2048 523 2086 ,Nam
538 2047 593 2097 quod
605 2047 661 2083 Titus
675 2046 821 2097 Hierosolymis

25 2136 67 2161 non
82 2133 123 2160 erat
136 2124 274 2169 circumcisus,
297 2123 318 2159 id
335 2123 455 2161 documento
473 2124 519 2167 suit,
540 2122 638 2158 reveritos
659 2134 700 2157 esse
716 2123 822 2171 Apostolos

26 2197 145 2246 dignitatern
160 2198 228 2245 Pauli,
254 2198 289 2247 qui
310 2208 378 2235 auctor
402 2199 511 2242 exstiterat,
537 2210 562 2234 ne
579 2197 621 2233 ille·
637 2196 821 2239 circumcideretur,

24 2271 93 2321 Itaque
108 2272 195 2315 dubium
207 2287 248 2310 non
263 2276 297 2321 est,
316 2274 364 2323 quin
377 2271 444 2324 μήπως
458 2274 540 2321 oblique
554 2272 695 2319 interrogantis
711 2272 741 2318 sit,
756 2282 822 2309 recte-

26 2360 64 2395 que
76 2349 176 2384 Wrunut's
192 2348 313 2393 observavit,
338 2348 476 2397 interrogandi
487 2348 592 2384 notionem
604 2347 624 2381 ln
637 2346 767 2394 praecedente
775 2362 822 2385 ver-

24 2422 51 2458 bo
66 2414 165 2471 ἆνεῦεζαην
178 2422 245 2458 latere.
271 2421 294 2458 In
309 2434 348 2470 qua
361 2436 382 2458 re
397 2436 444 2458 curn
456 2422 537 2472 propria
547 2421 628 2469 optativi
638 2420 695 2457 sedes
708 2422 734 2458 sit
749 2423 822 2474 (prae.

26 2484 85 2533 cessit
102 2496 157 2532 enim
168 2495 252 2533 verbum
265 2497 366 2545 praeteriti
379 2497 481 2551 temporis.
497 2495 538 2533 rid.
552 2496 592 2535 loc,
609 2507 668 2544 supra
684 2487 716 2537 cit.
728 2498 775 2537 Luc,
784 2500 820 2547 ΠΙ,

26 2570 57 2611 15,
85 2570 216 2608 Coniunctivo
237 2572 292 2607 locus
310 2580 361 2607 esset
378 2572 402 2606 in
415 2585 437 2607 re
455 2570 563 2620 praesenti,
584 2579 606 2607 ut
617 2571 733 2621 2Ttm.11,
748 2573 778 2615 25.
795 2578 820 2616 cf.

24 2644 95 2685 tunsi,
112 2645 198 2693 autvig,
214 2660 233 2695 p.
245 2645 310 2695 Bru),
331 2647 398 2696 potuit
418 2655 484 2692 tamen
505 2645 565 2680 etiarn
583 2644 702 2683 indicativus
721 2648 774 2696 clici,
795 2651 823 2689 ita

26 2713 119 2769 quietern,
135 2730 156 2757 ut
170 2733 194 2757 ex
207 2734 244 2757 usu
260 2721 313 2776 apud
328 2721 414 2759 Graecos
428 2721 590 2769 frequentissimo
605 2734 614 2757 e
628 2734 721 2766 sermone
737 2725 822 2775 obliquo

26 2797 140 2832 transiretur
153 2797 174 2832 in
189 2798 300 2833 orationem
314 2806 396 2834 rectam.
427 2796 464 2833 Cui
478 2809 540 2844 quunr
554 2782 574 2833 et
588 2797 630 2847 ipsa
643 2798 751 2837 verborum
767 2810 822 2838 tem-

24 2882 73 2917 pora
83 2870 229 2909 accommodari
238 2873 322 2919 soleant,
337 2874 412 2923 optime
426 2872 474 2908 hinc
489 2873 583 2921 explicari
597 2881 663 2923 potest
672 2889 765 2925 praesens
777 2879 822 2928 τρέ-
837 2921 841 2924 ,

22 2958 57 2990 χο).
83 2948 162 2985 Eoderu
176 2948 238 2984 ruodo
250 2948 365 2985 Plutarchus
376 2948 426 2985 [lixit
435 2949 480 2984 loco
491 2963 501 2984 a
511 2948 607 2987 DuvrtnIo
616 2950 687 2999 p.215.
697 2951 728 2991 ed.
738 2954 819 2989 Ilcusrn.

26 3020 96 3069 citato,
113 3024 145 3060 καὶ
158 3025 201 3074 περὶ
213 3023 251 3062 τῶν
266 3021 331 3076 φόρων
347 3022 446 3077 ἠρώτησε,
470 3021 497 3076 μὴ
517 3027 584 3078 βαρεῖς
604 3026 648 3065 εἰσί.
674 3028 773 3065 tt'rrraus
793 3026 818 3063 de
